@article{voigtGlobalDemandNatural2018,
  title = {Global {{Demand}} for {{Natural Resources Eliminated More Than}} 100,000 {{Bornean Orangutans}}},
  author = {Voigt, Maria and Wich, Serge A. and Ancrenaz, Marc and Meijaard, Erik and Abram, Nicola and Banes, Graham L. and {Campbell-Smith}, Gail and {d'Arcy}, Laura J. and Delgado, Roberto A. and Erman, Andi and Gaveau, David and Goossens, Benoit and Heinicke, Stefanie and Houghton, Max and Husson, Simon J. and Leiman, Ashley and Sanchez, Karmele Llano and Makinuddin, Niel and Marshall, Andrew J. and Meididit, Ari and Miettinen, Jukka and Mundry, Roger and {Musnanda} and {Nardiyono} and Nurcahyo, Anton and Odom, Kisar and Panda, Adventus and Prasetyo, Didik and Priadjati, Aldrianto and {Purnomo} and Rafiastanto, Andjar and Russon, Anne E. and Santika, Truly and Sihite, Jamartin and Spehar, Stephanie and Struebig, Matthew and {Sulbaran-Romero}, Enrique and Tjiu, Albertus and Wells, Jessie and Wilson, Kerrie A. and K{\"u}hl, Hjalmar S.},
  year = {2018},
  month = mar,
  journal = {Current Biology},
  volume = {28},
  number = {5},
  pages = {761-769.e5},
  issn = {09609822},
  doi = {10.1016/j.cub.2018.01.053},
  langid = {english},
  file = {/Users/robinpfaff/Zotero/storage/YNPX5V72/Voigt et al. - 2018 - Global Demand for Natural Resources Eliminated Mor.pdf}
}
